<?xml version="1.0" encoding="UTF-8"?><collection xmlns="http://www.loc.gov/MARC21/slim"><record><leader>00379nam--2200133-i-4500</leader><controlfield tag="001">000009670</controlfield><controlfield tag="002">20161230</controlfield><controlfield tag="005">20161230201028</controlfield><controlfield tag="008">060222s1000------------r-----000-0-eng-d</controlfield><datafield ind1=" " ind2=" " tag="080"><subfield code="a">621.3.018</subfield></datafield><datafield ind1=" " ind2=" " tag="100"><subfield code="a">Brichant, Francis</subfield></datafield><datafield ind1=" " ind2=" " tag="245"><subfield code="a">L ondistor. onduleur a moyennes frequences par thyristors. principles et applications</subfield></datafield><datafield ind1=" " ind2=" " tag="260"><subfield code="a">Paris, Dunod, 1970 Vi + 124 P</subfield></datafield><datafield ind1=" " ind2=" " tag="852"><subfield code="a">34796</subfield></datafield></record></collection>